@article{One,
    author  = "George D. Greenwade",
    title   = "The {C}omprehensive {T}ex {A}rchive {N}etwork ({CTAN})",
    year    = "1993",
    journal = "TUGBoat",
    volume  = "14",
    number  = "3",
    pages   = "342--351"
}


@online{Two,
    Author = {{New York Times}},
    Title = {Nigerians Vote in Presidential Election},
    Url = {http://www.nytimes.com/2011/04/17/world/africa/17nigeria.html},
    Urldate = {2012-03-25},
    Year = {2011}
}


@article{Three,
    author  = "George D. Greenwadee",
    title   = "The {C}omprehensive {T}ex {A}rchive {N}etwork ({CTAN})",
    year    = "1993",
    journal = "TUGBoat",
    volume  = "14",
    number  = "3",
    pages   = "342--351"
}
